<record><leader>00000cas a22000007a 4500</leader><controlfield tag="001">28545860</controlfield><controlfield tag="008">930730d190219uucaudn ne      0    0eng d</controlfield><datafield ind1=" " ind2=" " tag="010"><subfield code="a">sn 93051446 </subfield></datafield><datafield ind1=" " ind2=" " tag="040"><subfield code="a">CUY</subfield><subfield code="b">eng</subfield><subfield code="c">CNK</subfield><subfield code="d">OCLCQ</subfield></datafield><datafield ind1=" " ind2=" " tag="042"><subfield code="a">msc</subfield></datafield><datafield ind1=" " ind2=" " tag="043"><subfield code="a">n-us-ca</subfield></datafield><datafield ind1="0" ind2="0" tag="245"><subfield code="a">Point Richmond daily record.</subfield></datafield><datafield ind1=" " ind2=" " tag="260"><subfield code="a">Point Richmond, Calif. :</subfield><subfield code="b">L. Naugle</subfield></datafield><datafield ind1=" " ind2=" " tag="300"><subfield code="a">v.</subfield></datafield><datafield ind1=" " ind2=" " tag="310"><subfield code="a">Daily (except Sun.)</subfield></datafield><datafield ind1="0" ind2=" " tag="362"><subfield code="a">No. 271 (Sept. 10, 1902)-</subfield></datafield><datafield ind1=" " ind2="0" tag="651"><subfield code="a">Point Richmond (Richmond, Calif.)</subfield><subfield code="v">Newspapers.</subfield></datafield><datafield ind1=" " ind2=" " tag="752"><subfield code="a">United States</subfield><subfield code="b">California</subfield><subfield code="c">Contra Costa</subfield><subfield code="d">Richmond.</subfield></datafield><datafield ind1="0" ind2=" " tag="775"><subfield code="t">Point Richmond record (Point Richmond, Calif. : Weekly)</subfield><subfield code="w">(DLC)sn 94051146</subfield></datafield><datafield ind1="0" ind2="0" tag="780"><subfield code="t">Point Richmond record</subfield><subfield code="w">(DLC)sn 93051445</subfield></datafield><datafield ind1="1" ind2=" " tag="029"><subfield code="a">AU@</subfield><subfield code="b">000025893297</subfield></datafield></record>